<?xml version="1.0" encoding="UTF-8"?><collection xmlns="http://www.loc.gov/MARC21/slim"><record><leader>00529nam--2200193-i-4500</leader><controlfield tag="001">000015545</controlfield><controlfield tag="002">20161230</controlfield><controlfield tag="005">20161230201031</controlfield><controlfield tag="008">060222s1000------------r-----000-0-rum-d</controlfield><datafield ind1=" " ind2=" " tag="040"><subfield code="a">IFIN-HH</subfield></datafield><datafield ind1=" " ind2=" " tag="041"><subfield code="a">rum</subfield></datafield><datafield ind1=" " ind2=" " tag="080"><subfield code="a">531.383</subfield></datafield><datafield ind1="1" ind2=" " tag="100"><subfield code="a">Belea, Constantin</subfield></datafield><datafield ind1="1" ind2="0" tag="245"><subfield code="a">Sisteme giroscopice si aplicatiile lor</subfield><subfield code="c">Constantin Belea, Romulus Lungu, Constantin Cismaru</subfield></datafield><datafield ind1=" " ind2=" " tag="260"><subfield code="a">Craiova, Scrisul Romanesc, 1986</subfield></datafield><datafield ind1=" " ind2=" " tag="300"><subfield code="a">452p</subfield></datafield><datafield ind1="1" ind2=" " tag="700"><subfield code="a">Cismaru, Constantin</subfield></datafield><datafield ind1=" " ind2=" " tag="852"><subfield code="a">73057</subfield><subfield code="c">531</subfield></datafield><datafield ind1=" " ind2=" " tag="CAT"><subfield code="a">Sys</subfield><subfield code="c">20100702</subfield><subfield code="h">091820</subfield></datafield></record></collection>